% - - - - - - - - - - - - - - - - - - - - - - - - 
% CNNs for flow estimation
% - - - - - - - - - - - - - - - - - - - - - - - - 



@inproceedings{dosovitskiy2015flownet,
  title={{FlowNet}: Learning optical flow with convolutional networks},
  author={Dosovitskiy, Alexey and Fischer, Philipp and Ilg, Eddy and Hausser, Philip and Hazirbas, Caner and Golkov, Vladimir and Van Der Smagt, Patrick and Cremers, Daniel and Brox, Thomas},
  booktitle={Proceedings of the IEEE international conference on computer vision},
  pages={2758--2766},
  year={2015}
}

@inproceedings{ilg2017flownet,
  title={{FlowNet 2.0}: Evolution of optical flow estimation with deep networks},
  author={Ilg, Eddy and Mayer, Nikolaus and Saikia, Tonmoy and Keuper, Margret and Dosovitskiy, Alexey and Brox, Thomas},
  booktitle={Proceedings of the IEEE conference on computer vision and pattern recognition},
  pages={2462--2470},
  year={2017}
}

@inproceedings{ranjan2017optical,
  title={Optical flow estimation using a spatial pyramid network},
  author={Ranjan, Anurag and Black, Michael J},
  booktitle={Proceedings of the IEEE conference on computer vision and pattern recognition},
  pages={4161--4170},
  year={2017}
}

@article{rabault2017performing,
  title={Performing particle image velocimetry using artificial neural networks: a proof-of-concept},
  author={Rabault, Jean and Kolaas, Jostein and Jensen, Atle},
  journal={Measurement Science and Technology},
  volume={28},
  number={12},
  pages={125301},
  year={2017},
  publisher={IOP Publishing}
}

@inproceedings{hui2018liteflownet,
  title={Liteflownet: A lightweight convolutional neural network for optical flow estimation},
  author={Hui, Tak-Wai and Tang, Xiaoou and Loy, Chen Change},
  booktitle={Proceedings of the IEEE conference on computer vision and pattern recognition},
  pages={8981--8989},
  year={2018}
}

@inproceedings{sun2018pwc,
  title={{PWC}-{N}et: {CNN}s for optical flow using pyramid, warping, and cost volume},
  author={Sun, Deqing and Yang, Xiaodong and Liu, Ming-Yu and Kautz, Jan},
  booktitle={Proceedings of the IEEE conference on computer vision and pattern recognition},
  pages={8934--8943},
  year={2018}
}

@inproceedings{hur2019iterative,
  title={Iterative residual refinement for joint optical flow and occlusion estimation},
  author={Hur, Junhwa and Roth, Stefan},
  booktitle={Proceedings of the IEEE/CVF conference on computer vision and pattern recognition},
  pages={5754--5763},
  year={2019}
}



@inproceedings{teed2020raft,
  title={Raft: Recurrent all-pairs field transforms for optical flow},
  author={Teed, Zachary and Deng, Jia},
  booktitle={Computer Vision--ECCV 2020: 16th European Conference, Glasgow, UK, August 23--28, 2020, Proceedings, Part II 16},
  pages={402--419},
  year={2020},
  organization={Springer}
}

@article{lagemann2021deep,
  title={Deep recurrent optical flow learning for particle image velocimetry data},
  author={Lagemann, Christian and Lagemann, Kai and Mukherjee, Sach and Schr{\"o}der, Wolfgang},
  journal={Nature Machine Intelligence},
  volume={3},
  number={7},
  pages={641--651},
  year={2021},
  publisher={Nature Publishing Group UK London}
}

@article{manickathan2022kinematic,
  title={Kinematic training of convolutional neural networks for particle image velocimetry},
  author={Manickathan, Lento and Mucignat, Claudio and Lunati, Ivan},
  journal={Measurement Science and Technology},
  volume={33},
  number={12},
  pages={124006},
  year={2022},
  publisher={IOP Publishing}
}

@article{mucignat2023lightweight,
  title={A lightweight convolutional neural network to reconstruct deformation in BOS recordings},
  author={Mucignat, Claudio and Manickathan, Lento and Shah, Jiggar and R{\"o}sgen, Thomas and Lunati, Ivan},
  journal={Experiments in Fluids},
  volume={64},
  number={4},
  pages={72},
  year={2023},
  publisher={Springer}
}

@article{manickathan2023lightweight,
  title={A lightweight neural network designed for fluid velocimetry},
  author={Manickathan, Lento and Mucignat, Claudio and Lunati, Ivan},
  journal={Experiments in Fluids},
  volume={64},
  number={10},
  pages={161},
  year={2023},
  publisher={Springer}
}



% - - - - - - - - - - - - - - - - - - - - - - - - 
% PIV in general
% - - - - - - - - - - - - - - - - - - - - - - - - 






@article{olsen2000out,
  title={Out-of-focus effects on particle image visibility and correlation in microscopic particle image velocimetry},
  author={Olsen, MG and Adrian, RJ},
  journal={Experiments in fluids},
  volume={29},
  number={Suppl 1},
  pages={S166--S174},
  year={2000},
  publisher={Springer}
}

% - - - - - - - - - - - - - - - - - - - - - - - - 
% Synthetic turbulence
% - - - - - - - - - - - - - - - - - - - - - - - - 



@article{saad2017scalable,
  title={Scalable tools for generating synthetic isotropic turbulence with arbitrary spectra},
  author={Saad, Tony and Cline, Derek and Stoll, Rob and Sutherland, James C},
  journal={AIAA journal},
  volume={55},
  number={1},
  pages={327--331},
  year={2017},
  publisher={American Institute of Aeronautics and Astronautics}
}


@inproceedings{richards2018fast,
  title={A fast turbulence generator using graphics Processing Units},
  author={Richards, Austin and Saad, Tony and Sutherland, James C},
  booktitle={2018 Fluid Dynamics Conference},
  pages={3559},
  year={2018}
}


% - - - - - - - - - - - - - - - - - - - - - - - - 
% Other
% - - - - - - - - - - - - - - - - - - - - - - - - 



@article{paszke2017automatic,
  title={Automatic differentiation in PyTorch},
  author={Paszke, Adam and Gross, Sam and Chintala, Soumith and Chanan, Gregory and Yang, Edward and DeVito, Zachary and Lin, Zeming and Desmaison, Alban and Antiga, Luca and Lerer, Adam},
  year={2017}
}

@article{paszke2019pytorch,
  title={{PyTorch}: An imperative style, high-performance deep learning library},
  author={Paszke, Adam and Gross, Sam and Massa, Francisco and Lerer, Adam and Bradbury, James and Chanan, Gregory and Killeen, Trevor and Lin, Zeming and Gimelshein, Natalia and Antiga, Luca and others},
  journal={Advances in neural information processing systems},
  volume={32},
  year={2019}
}

@article{crameri2020misuse,
  title={The misuse of colour in science communication},
  author={Crameri, Fabio and Shephard, Grace E and Heron, Philip J},
  journal={Nature communications},
  volume={11},
  number={1},
  pages={5444},
  year={2020},
  publisher={Nature Publishing Group UK London}
}